<?xml version="1.0" encoding="UTF-8"?><collection xmlns="http://www.loc.gov/MARC21/slim"><record><leader>00365nam--2200133-i-4500</leader><controlfield tag="001">000019189</controlfield><controlfield tag="002">20161230</controlfield><controlfield tag="005">20161230201033</controlfield><controlfield tag="008">060222s1000------------r-----000-0-eng-d</controlfield><datafield ind1=" " ind2=" " tag="020"><subfield code="a">PURE AND APPLIED MATHEMATICS</subfield></datafield><datafield ind1=" " ind2=" " tag="100"><subfield code="a">Seitz, Frederick</subfield></datafield><datafield ind1=" " ind2=" " tag="260"><subfield code="a">Ehrenpreis, Leon</subfield></datafield><datafield ind1=" " ind2=" " tag="490"><subfield code="a">New York, Wiley-interscience Publ., 1970. Xiii + 506 P</subfield></datafield><datafield ind1=" " ind2=" " tag="700"><subfield code="a">Ehrenreich, Henry</subfield></datafield></record></collection>